@book{han2011datamining,
  title={Data Mining: Concepts and Techniques, 3rd ed.},
  author={Jiawei Han, Micheline Kamber, Jian Pei},
  year={2011},
  publisher={Morgan Kaufmann Publishers},
}
